<record><leader>00000cas a2200000 a 4500</leader><controlfield tag="001">8804957</controlfield><controlfield tag="008">820924d18511852causr ne      0   a0eng  </controlfield><datafield ind1=" " ind2=" " tag="010"><subfield code="a">sn 82014828 </subfield></datafield><datafield ind1=" " ind2=" " tag="040"><subfield code="a">DLC</subfield><subfield code="b">eng</subfield><subfield code="c">DLC</subfield><subfield code="d">NPX</subfield><subfield code="d">DLC</subfield><subfield code="d">YOX</subfield><subfield code="d">OCL</subfield><subfield code="d">CNK</subfield><subfield code="d">OCL</subfield><subfield code="d">DLC</subfield><subfield code="d">CUS</subfield><subfield code="d">DLC</subfield><subfield code="d">CUI</subfield><subfield code="d">OCLCQ</subfield><subfield code="d">OCLCF</subfield></datafield><datafield ind1="1" ind2=" " tag="029"><subfield code="a">AU@</subfield><subfield code="b">000020225180</subfield></datafield><datafield ind1=" " ind2=" " tag="042"><subfield code="a">pcc</subfield></datafield><datafield ind1=" " ind2=" " tag="043"><subfield code="a">n-us-ca</subfield></datafield><datafield ind1="0" ind2="0" tag="050"><subfield code="a">Newspaper</subfield></datafield><datafield ind1=" " ind2="4" tag="050"><subfield code="a">AN</subfield></datafield><datafield ind1="0" ind2=" " tag="130"><subfield code="a">Sacramento union (Sacramento, Calif. : 1851)</subfield></datafield><datafield ind1="1" ind2="4" tag="245"><subfield code="a">The Sacramento union.</subfield></datafield><datafield ind1="1" ind2="3" tag="246"><subfield code="a">Steamer union</subfield></datafield><datafield ind1=" " ind2=" " tag="250"><subfield code="a">[Steamer ed.].</subfield></datafield><datafield ind1=" " ind2=" " tag="260"><subfield code="a">Sacramento [Calif.] :</subfield><subfield code="b">E.G. Jefferis &amp; Co.</subfield></datafield><datafield ind1=" " ind2=" " tag="300"><subfield code="a">v. :</subfield><subfield code="b">ill. (chiefly advertisements) ;</subfield><subfield code="c">62 cm.</subfield></datafield><datafield ind1=" " ind2=" " tag="310"><subfield code="a">Semimonthly</subfield></datafield><datafield ind1="1" ind2=" " tag="362"><subfield code="a">Began in 1851; ceased in 1852.</subfield></datafield><datafield ind1=" " ind2=" " tag="500"><subfield code="a">Masthead of each issue contained the names(s)--of the packet(s) that carried that issue.</subfield></datafield><datafield ind1=" " ind2=" " tag="500"><subfield code="a">"For circulation in the Atlantic States, Oregon, South America and Europe."</subfield></datafield><datafield ind1=" " ind2=" " tag="530"><subfield code="a">Also issued on microfilm from the Library of Congress, Photoduplication Service.</subfield></datafield><datafield ind1=" " ind2=" " tag="580"><subfield code="a">Triweekly ed.: Pictorial union.</subfield></datafield><datafield ind1=" " ind2=" " tag="588"><subfield code="a">Description based on: Vol. 1, no. 15 (Oct. 31, 1851).</subfield></datafield><datafield ind1=" " ind2=" " tag="588"><subfield code="a">Latest issue consulted: Vol. 2, no. 9 (Oct. 30, 1852).</subfield></datafield><datafield ind1=" " ind2="0" tag="651"><subfield code="a">Sacramento (Calif.)</subfield><subfield code="v">Newspapers.</subfield></datafield><datafield ind1=" " ind2="0" tag="651"><subfield code="a">Sacramento County (Calif.)</subfield><subfield code="v">Newspapers.</subfield></datafield><datafield ind1=" " ind2="7" tag="655"><subfield code="a">Newspapers.</subfield><subfield code="2">fast</subfield><subfield code="0">(OCoLC)fst01423814</subfield></datafield><datafield ind1=" " ind2="7" tag="651"><subfield code="a">California</subfield><subfield code="z">Sacramento.</subfield><subfield code="2">fast</subfield><subfield code="0">(OCoLC)fst01205542</subfield></datafield><datafield ind1=" " ind2="7" tag="651"><subfield code="a">California</subfield><subfield code="z">Sacramento County.</subfield><subfield code="2">fast</subfield><subfield code="0">(OCoLC)fst01214200</subfield></datafield><datafield ind1=" " ind2=" " tag="752"><subfield code="a">United States</subfield><subfield code="b">California</subfield><subfield code="c">Sacramento</subfield><subfield code="d">Sacramento.</subfield></datafield><datafield ind1="0" ind2=" " tag="775"><subfield code="t">Sacramento daily union</subfield><subfield code="w">(DLC)sn 82014928</subfield><subfield code="w">(OCoLC)8801084</subfield></datafield><datafield ind1="0" ind2=" " tag="775"><subfield code="t">Daily union (Sacramento, Calif.)</subfield><subfield code="w">(DLC)sn 82014825</subfield><subfield code="w">(OCoLC)8804832</subfield></datafield><datafield ind1="0" ind2=" " tag="775"><subfield code="t">Sacramento weekly union</subfield><subfield code="w">(DLC)sn 82006530</subfield><subfield code="w">(OCoLC)8769963</subfield></datafield><datafield ind1="1" ind2=" " tag="775"><subfield code="t">Pictorial union</subfield><subfield code="w">(DLC)sn 82014553</subfield><subfield code="w">(OCoLC)8791533</subfield></datafield><datafield ind1="0" ind2="8" tag="776"><subfield code="i">Online version:</subfield><subfield code="t">Sacramento union (Sacramento, Calif. : 1851 : Online)</subfield><subfield code="w">(OCoLC)676750596</subfield></datafield><datafield ind1="0" ind2="0" tag="785"><subfield code="t">Sacramento steamer union (Sacramento, Calif.)</subfield><subfield code="w">(DLC)sn 82014829</subfield><subfield code="w">(OCoLC)8804927</subfield></datafield></record>